@MISC{webRuby,
  author =       	"{WWW stránky}",  
  title =        	"Oficiální webová prezentace jazyka ruby a MRI",
  howpublished=  	"{\tt http://www.ruby-lang.org}",
}

@MISC{webRubySpec,
  author = 		"{WWW stránky}",
  title = 		"Návrh standardu jazyka ruby",
  howpublished = 	"{\tt http://ruby-std.netlab.jp/draft\_spec/agreement.html}",
}

@MISC{webRubyHistory,
  author = 		"{WWW stránky}",
  title = 		"Shrnutí historie ruby prezentované na konferenci RubyConf v roce 2006",
  howpublished = 	"{\tt http://blog.nicksieger.com/articles/2006/10/20/rubyconf-history-of-ruby}",
}

@MISC{webMatzInterview,
  author = 		"{WWW stránky}",
  title = 		"Interview s autorem jazyka ruby - Yukihiro Matsumoto",
  howpublished = 	"{\tt http://linuxdevcenter.com/pub/a/linux/2001/11/29/ruby.html}"
}

@MISC{webActiveRecord,
  author = 		"{WWW stránky}",
  title = 		"Oficiální dokumentace ActiveRecord, abstakce nad relaèními databázemi",
  howpublished = 	"{\tt http://api.rubyonrails.org/classes/ActiveRecord/Base.html}"
}

@MISC{webRubyGuides,
  author = 		"{WWW stránky}",
  title = 		"Lidsky psané oficiální návody k frameworku Ruby on Rails",
  howpublished = 	"{\tt http://guides.rubyonrails.org/}"
}

@BOOK{metaprogrammingRuby,
  author =       	"Paolo Perrotta",
  title =        	"Metaprogramming Ruby",
  publisher =    	"The Pragmatic Programmers LLC",
  year =         	"2009",
  note =         	"ISBN~1-934356-47-6",
}

@BOOK{rubyProgrammingLanguage,
  author =       	"David Flanagan and Yukihiro Matsumoto",
  title =        	"The Ruby Programming Language",
  publisher =    	"O'Reilly Media, Inc.",
  year =         	"2008",
  note =         	"ISBN~0-596-51617-7",
}

@BOOK{rubyInNutshel,
  author =       	"Yukihiro Matsumoto",
  title =        	"Ruby in a Nutshel",
  publisher =    	"O'Reilly Medira, Inc.",
  year =         	"2001",
  note =         	"ISBN~0-596-00214-9",
}