@MISC{webRuby,
  author =       	"{WWW stránky}",  
  title =        	"Oficiální webová prezentace jazyka ruby a MRI",
  howpublished=  	"{\tt http://www.ruby-lang.org}",
}

@MISC{webRubyHistory,
  author = 		"{WWW stránky}",
  title = 		"Shrnutí historie ruby prezentované na konferenci RubyConf v roce 2006",
  howpublished = 	"{\tt http://blog.nicksieger.com/articles/2006/10/20/rubyconf-history-of-ruby}",
}

@MISC{webActiveRecord,
  author = 		"{WWW stránky}",
  title = 		"Oficiální dokumentace ActiveRecord, abstakce nad relaèními databázemi",
  howpublished = 	"{\tt http://api.rubyonrails.org/classes/ActiveRecord/Base.html}"
}

@BOOK{metaprogrammingRuby,
  author =       	"{Paolo Perrotta}",
  title =        	"Metaprogramming Ruby",
  publisher =    	"The Pragmatic Programmers LLC",
  year =         	"2009",
  isbn =         	"1-934-35647-6",
}

@BOOK{rubyProgrammingLanguage,
  author =       	"{David Flanagan, Yukihiro Matsumoto}",
  title =        	"The Ruby Programming Language",
  publisher =    	"O'Reilly Media, Inc.",
  year =         	"2008",
  isbn =         	"0-596-51617-7",
}

@BOOK{rubyInNutshel,
  author =             "{Yukihiro Matsumoto}",
  title =              "Ruby in a Nutshell",
  publisher =          "O'Reilly Media, Inc.",
  year =               "2001",
  isbn =               "0-596-00214-9",
}

@BOOK{expertSystems,
  author =       	"{Josph C. Giarratano, Gary D. Riley}",
  title =        	"Expert Systems: Principles and programming",
  publisher =    	"Thomson Learning, Inc",
  year =         	"2005",
  isbn =         	"0-534-38447-1",
}

@BOOK{programovaciJazykC,
  author =       	"{Brian W. Kernighan, Dennis M. Ritchie}",
  title =        	"Programovací jazyk C",
  publisher =    	"Computer Press",
  year =         	"bøezen 2006",
  isbn =         	"80-251-0897-X",
}

@BOOK{programmingPerl,
  author =       	"{Larry Wall, Tom Christiansen, Jon Orwant}",
  title =        	"Programming Perl",
  publisher =    	"O'Reilly Media",
  year =         	"2000",
  isbn =         	"0-596-00027-8",
}

@BOOK{programmingPython,
  author =       	"{Mark Lutz}",
  title =        	"Programming Python",
  publisher =    	"O'Reilly Media",
  year =         	"2006",
  isbn =         	"0-596-00925-9",
}

@BOOK{javaInANutschell,
  author =       	"{David Flanagan}",
  title =        	"Java In A Nutshell",
  publisher =    	"O'Reilly Media",
  year =         	"2005",
  isbn =         	"0-596-00773-6",
}

@BOOK{cppInANutschell,
  author =       	"{Ray Lischner}",
  title =        	"C++ in a Nutshell",
  publisher =    	"O'Reilly Media",
  year =         	"2003",
  isbn =         	"0-596-00298-X",
}

@BOOK{smalltalk,
  author =       	"{Chamond Liu}",
  title =        	"Smalltalk, Objects, and Design",
  publisher =    	"iUniverse",
  year =         	"2000",
  isbn =         	"1-583-48490-6",
}

@BOOK{learningJavascript,
  author =       	"{Shelley Powers}",
  title =        	"Learning JavaScript",
  publisher =    	"O'Reilly Media",
  year =         	"2008",
  isbn =         	"0-596-52187-1",
}

@BOOK{sqlCookbook,
  author =       	"{Anthony Molinaro}",
  title =        	"SQL Cookbook",
  publisher =    	"O'Reilly Media",
  year =         	"2005",
  isbn =         	"0-596-00976-3",
}

@BOOK{abapBasics,
  author =       	"{Julia Kirchne}",
  title =        	"ABAP Basics",
  publisher =    	"SAP PRESS",
  year =         	"2007",
  isbn =         	"1-592-29153-8",
}

@BOOK{sapR3,
  author =       	"{André Maassen, Markus Schoenen, Detlev Frick, Andreas Gadatsch}",
  title =        	"SAP R/3",
  publisher =    	"Computer Press",
  year =         	"2007",
  isbn =         	"978-80-251-1750-7",
}